@inproceedings{shi1998parameter,
  title={Parameter selection in particle swarm optimization},
  author={Shi, Yuhui and Eberhart, Russell},
  booktitle={Evolutionary programming VII},
  pages={591--600},
  year={1998},
  organization={Springer}
}
